<record><leader>00000cas a2200000 a 4500</leader><controlfield tag="001">46764198</controlfield><controlfield tag="008">010417d19891990iluwr ne      0   a0eng c</controlfield><datafield ind1=" " ind2=" " tag="010"><subfield code="a">sn2001061215</subfield></datafield><datafield ind1=" " ind2=" " tag="040"><subfield code="a">CVF</subfield><subfield code="b">eng</subfield><subfield code="c">CVF</subfield><subfield code="d">OCLCQ</subfield><subfield code="d">NVF</subfield><subfield code="d">OCLCO</subfield><subfield code="d">OCLCA</subfield><subfield code="d">OCLCF</subfield></datafield><datafield ind1=" " ind2=" " tag="042"><subfield code="a">pcc</subfield></datafield><datafield ind1=" " ind2=" " tag="043"><subfield code="a">n-us-il</subfield></datafield><datafield ind1="0" ind2="0" tag="245"><subfield code="a">Lake Villa review.</subfield></datafield><datafield ind1="1" ind2="0" tag="246"><subfield code="a">Review</subfield></datafield><datafield ind1=" " ind2=" " tag="260"><subfield code="a">Mundelein, Ill. :</subfield><subfield code="b">Pioneer Press,</subfield><subfield code="c">1989-1990.</subfield></datafield><datafield ind1=" " ind2=" " tag="300"><subfield code="a">v.</subfield></datafield><datafield ind1=" " ind2=" " tag="310"><subfield code="a">Weekly</subfield></datafield><datafield ind1="0" ind2=" " tag="362"><subfield code="a">Feb. 2, 1989-v. 2, no. 47 (Dec. 6, 1990).</subfield></datafield><datafield ind1=" " ind2=" " tag="580"><subfield code="a">Merged with: Lindenhurst review, to form: Review (Mundelein, Ill.).</subfield></datafield><datafield ind1=" " ind2="0" tag="651"><subfield code="a">Lake Villa (Ill.)</subfield><subfield code="v">Newspapers.</subfield></datafield><datafield ind1=" " ind2="0" tag="651"><subfield code="a">Lindenhurst (Ill.)</subfield><subfield code="v">Newspapers.</subfield></datafield><datafield ind1=" " ind2="0" tag="651"><subfield code="a">Lake Villa (Ill. : Township)</subfield><subfield code="v">Newspapers.</subfield></datafield><datafield ind1=" " ind2="7" tag="655"><subfield code="a">Newspapers.</subfield><subfield code="2">fast</subfield><subfield code="0">(OCoLC)fst01423814</subfield></datafield><datafield ind1=" " ind2="7" tag="651"><subfield code="a">Illinois</subfield><subfield code="z">Lake Villa.</subfield><subfield code="2">fast</subfield><subfield code="0">(OCoLC)fst01325496</subfield></datafield><datafield ind1=" " ind2="7" tag="651"><subfield code="a">Illinois</subfield><subfield code="z">Lake Villa (Township)</subfield><subfield code="2">fast</subfield><subfield code="0">(OCoLC)fst01331500</subfield></datafield><datafield ind1=" " ind2="7" tag="651"><subfield code="a">Illinois</subfield><subfield code="z">Lindenhurst.</subfield><subfield code="2">fast</subfield><subfield code="0">(OCoLC)fst01249054</subfield></datafield><datafield ind1=" " ind2=" " tag="752"><subfield code="a">United States</subfield><subfield code="b">Illinois</subfield><subfield code="c">Lake</subfield><subfield code="d">Mundelein.</subfield></datafield><datafield ind1="1" ind2="7" tag="785"><subfield code="t">Lindenhurst review</subfield><subfield code="w">(DLC)sn2001061222</subfield><subfield code="w">(OCoLC)46913887</subfield></datafield><datafield ind1="1" ind2="7" tag="785"><subfield code="t">Review (Mundelein, Ill.)</subfield><subfield code="w">(DLC)sn 97002068</subfield><subfield code="w">(OCoLC)31114311</subfield></datafield></record>